<record><leader>00000cas a2200000 a 4500</leader><controlfield tag="001">28641952</controlfield><controlfield tag="008">930817d19141935iludn ne      0   a0eng c</controlfield><datafield ind1=" " ind2=" " tag="010"><subfield code="a">sn 93057113 </subfield></datafield><datafield ind1=" " ind2=" " tag="040"><subfield code="a">NVF</subfield><subfield code="b">eng</subfield><subfield code="c">NVF</subfield><subfield code="d">CVF</subfield><subfield code="d">NVF</subfield><subfield code="d">OCLCQ</subfield><subfield code="d">OCLCF</subfield><subfield code="d">NVF</subfield><subfield code="d">OCLCO</subfield><subfield code="d">OCL</subfield></datafield><datafield ind1=" " ind2=" " tag="042"><subfield code="a">pcc</subfield></datafield><datafield ind1=" " ind2=" " tag="043"><subfield code="a">n-us-il</subfield></datafield><datafield ind1="0" ind2="4" tag="245"><subfield code="a">The Evanston news-index.</subfield></datafield><datafield ind1="1" ind2=" " tag="246"><subfield code="i">Published as:</subfield><subfield code="a">Evening news-index</subfield><subfield code="f">Aug. 31, 1927-Apr. 23, 1928</subfield></datafield><datafield ind1="3" ind2=" " tag="246"><subfield code="a">Evanston news index</subfield></datafield><datafield ind1="3" ind2=" " tag="246"><subfield code="a">Evening news index</subfield></datafield><datafield ind1=" " ind2=" " tag="260"><subfield code="a">Evanston, Ill. :</subfield><subfield code="b">Bowman Pub. Co.,</subfield><subfield code="c">1914-1935.</subfield></datafield><datafield ind1=" " ind2=" " tag="300"><subfield code="a">v.</subfield></datafield><datafield ind1=" " ind2=" " tag="310"><subfield code="a">Daily (except Sunday)</subfield></datafield><datafield ind1="0" ind2=" " tag="362"><subfield code="a">Vol. 3, no. 290 (Dec. 19, 1914)-v. 22, no. 298 (Dec. 19, 1932) ; 60th year, no. 299 (Dec. 20, 1932)-63rd year, no. 89 (Apr. 13, 1935).</subfield></datafield><datafield ind1=" " ind2=" " tag="580"><subfield code="a">Other ed.: Junior Evanston index, 1925-&lt;&gt;.</subfield></datafield><datafield ind1=" " ind2=" " tag="580"><subfield code="a">Formed by the union of: Evanston index and: Evanston daily news.</subfield></datafield><datafield ind1=" " ind2="0" tag="650"><subfield code="a">Community newspapers</subfield><subfield code="z">Illinois</subfield><subfield code="z">Evanston.</subfield></datafield><datafield ind1=" " ind2="0" tag="651"><subfield code="a">Evanston (Ill.)</subfield><subfield code="v">Newspapers.</subfield></datafield><datafield ind1=" " ind2="7" tag="650"><subfield code="a">Community newspapers</subfield><subfield code="2">fast</subfield><subfield code="0">(OCoLC)fst00871103</subfield></datafield><datafield ind1=" " ind2="7" tag="651"><subfield code="a">Illinois</subfield><subfield code="z">Evanston.</subfield><subfield code="2">fast</subfield><subfield code="0">(OCoLC)fst01204903</subfield></datafield><datafield ind1=" " ind2="7" tag="655"><subfield code="a">Newspapers.</subfield><subfield code="2">fast</subfield><subfield code="0">(OCoLC)fst01423814</subfield></datafield><datafield ind1=" " ind2=" " tag="752"><subfield code="a">United States</subfield><subfield code="b">Illinois</subfield><subfield code="c">Cook</subfield><subfield code="d">Evanston.</subfield></datafield><datafield ind1="1" ind2=" " tag="775"><subfield code="t">Junior Evanston index</subfield><subfield code="w">(DLC)sn 94054265</subfield><subfield code="w">(OCoLC)30447228</subfield></datafield><datafield ind1="1" ind2="4" tag="780"><subfield code="t">Evanston index</subfield><subfield code="w">(DLC)sn 82015363</subfield><subfield code="w">(OCoLC)8807816</subfield></datafield><datafield ind1="1" ind2="4" tag="780"><subfield code="t">Evanston daily news</subfield><subfield code="w">(DLC)sn 94054261</subfield><subfield code="w">(OCoLC)30416875</subfield></datafield><datafield ind1="0" ind2="5" tag="780"><subfield code="t">Evanston press</subfield><subfield code="w">(DLC)sn 82015373</subfield><subfield code="w">(OCoLC)8807436</subfield></datafield><datafield ind1="0" ind2="0" tag="785"><subfield code="t">Evanston daily news-index</subfield><subfield code="w">(DLC)sn 94054262</subfield><subfield code="w">(OCoLC)30417097</subfield></datafield><datafield ind1="1" ind2=" " tag="029"><subfield code="a">AU@</subfield><subfield code="b">000020753730</subfield></datafield></record>